2459 4200
579 162 591 244 t
633 158 653 217 t
700 159 712 240 t

244 283 348 343 Exitus
363 283 446 361 igitur
459 281 565 342 fabulae
579 283 626 335 ἀπὸ
647 292 769 353 μηχανὴ,
797 305 829 344 ae
844 282 934 344 finili·
948 281 1103 349 admodum

205 369 371 431 diffolutioni
381 368 496 428 Orestis.
510 387 518 402 ⁴
542 370 629 455 Qud
642 368 714 427 enim
726 369 771 426 hic
784 367 889 432 faciunt
899 369 1040 438 Dioscuri,
1064 367 1102 427 il.

204 458 240 517 lic
254 457 360 535 Apollo
373 456 511 534 praestitit.
554 453 706 533 Utriusque
715 454 788 524 finis,
818 481 881 518 cunt
893 459 1003 516 minime
1014 455 1101 514 tristia

206 545 248 619 fit,
270 567 324 604 uon
337 545 406 602 male
420 544 491 602 eniut
502 562 592 604 actum
605 543 643 601 est
656 563 718 602 cunt
730 541 927 620 superstitibus,
939 565 970 604 ac
979 545 1036 603 voti
1049 563 1101 622 pe·

205 654 240 691 ue
256 649 396 712 compotes
409 650 504 690 omnes
525 631 591 691 facti
606 629 677 698 sunt,
700 630 785 708 tnagis
799 634 923 713 proprius
947 629 998 690 eise
1021 649 1102 689 cont-

207 720 312 787 oediae,
327 741 407 797 quant
420 721 586 795 tragoediae,
597 719 723 780 videtur:
750 739 812 780 natn
822 721 896 798 quod
911 719 942 796 in
954 737 1102 795 argumen-

158 830 163 843 Ι
206 824 236 866 to
250 808 294 864 hic
309 805 385 883 fingit
397 806 635 875 Poeta,Colonum
641 803 718 862 illum
730 808 867 886 avirgine,
879 827 960 886 quam
968 805 1043 863 donti
1053 803 1104 862 diu

206 893 371 961 habuerit,se
380 891 596 962 abstinuiffe,nou
607 890 746 950 vetifintile
757 893 805 955 est:
817 895 892 974 quod
903 911 994 952 tamen
1003 891 1104 950 vitium

206 979 261 1058 ipse
276 1003 388 1058 purgare
401 977 505 1040 summo
515 981 732 1048 studioconatur,
743 1002 806 1040 cum
819 1003 892 1050 eum,
905 979 1102 1058 quamvispau-

207 1089 298 1166 petent
313 1069 462 1134 nominent,
476 1069 559 1126 nobili
581 1067 661 1168 stirpe
675 1086 768 1126 natum
783 1067 861 1137 dicit,
887 1084 917 1126 ut
937 1062 1104 1144 generositas

209 1155 291 1215 animi
309 1154 451 1231 iniquitate
466 1154 590 1214 fortunae
601 1155 725 1229 extingui
745 1175 799 1214 non
815 1155 943 1234 potuerit.
986 1151 1102 1211 Praete·

209 1261 255 1299 rea
273 1261 334 1298 cunt
350 1240 530 1300 reformidaffe
545 1263 607 1300 eum
631 1241 756 1326 Orestent
775 1259 912 1311 narrant
895 1239 912 1300 fi
933 1240 1042 1339 quando
1058 1257 1104 1296 re-

208 1325 335 1393 vertisset,
354 1348 388 1385 ne
399 1349 500 1406 poenas
516 1329 555 1387 illi
567 1333 645 1390 datet
653 1327 768 1388 violatae
779 1325 888 1397 sororis,
903 1326 949 1386 sed
965 1327 1046 1386 etiam
1060 1323 1104 1384 se-

209 1435 272 1472 cum
287 1435 396 1492 qouque
410 1415 487 1473 iilum
498 1417 623 1493 cogitaffe
635 1414 809 1485 demonstrat,
824 1437 878 1474 ooo
870 1413 1026 1474 habuiffe
1015 1435 1062 1494 Jtts
1074 1412 1105 1470 iu

211 1500 325 1560 alienent
339 1500 419 1559 filiam
432 1503 600 1579 AEgisthum,
615 1523 645 1562 ut
659 1519 732 1575 tatae
747 1504 856 1581 nuptiae
870 1501 932 1559 iliae
945 1499 1001 1560 ullo
1018 1515 1104 1580 pacto

210 1587 268 1646 effe
276 1589 425 1669 potuerint.
449 1589 546 1667 Siquid
562 1591 636 1650 aliod
647 1585 830 1668 hujuscemodi
841 1587 878 1648 est
889 1589 916 1646 in
931 1603 1107 1664 coagmenta·

123 1752 127 1756 .
210 1675 285 1733 tione
300 1695 400 1744 retum,
409 1678 490 1753 ,quod
501 1679 605 1736 tatione
618 1693 717 1745 careat,
729 1697 779 1734 nec
790 1674 852 1735 satis
866 1674 936 1734 belle
948 1677 1105 1740 cohaereat,

211 1763 242 1820 id
261 1762 361 1820 eruditi
376 1763 543 1840 etiogeniofi
558 1767 608 1824 viri
630 1765 770 1833 videbunt.
813 1763 911 1841 Neque
934 1763 1007 1820 euim
1022 1760 1104 1820 nobit

185 1856 187 1867 '
209 1847 373 1928 ptopofitum
393 1849 430 1908 est
444 1851 473 1908 id
486 1871 611 1910 accurate
630 1851 781 1910 ostendere
824 1851 951 1920 Utinam,
975 1866 1005 1908 ut
1032 1853 1105 1910 haec

211 1934 306 1994 fubuia
324 1955 413 2013 partes
429 1936 555 2014 quasdam
566 1941 648 1998 habet
662 1935 875 2022 elegantissimas,
886 1935 1046 2015 summoque
1056 1956 1101 1994 ar·

211 2021 297 2081 tificio
314 2023 464 2093 coniectas,
479 2046 585 2086 necnon
602 2027 763 2107 optirnarum
778 2023 1022 2103 vetissitnarumque
1042 2024 1106 2083 sen·

212 2110 357 2171 acutianum
371 2129 430 2171 tota
442 2112 521 2189 plena
543 2115 591 2183 est,
620 2117 658 2173 itu
661 2111 874 2201 ueprehensione
888 2116 950 2181 hau,
970 2111 1108 2193 culpaque

145 2227 150 2232 ’
213 2215 484 2311 vacatet‚actectam
507 2200 635 2263 οἶκονομίαν
660 2203 783 2267 haberet

245 2369 273 2420 '11
287 2370 329 2432 μὲν
343 2373 411 2424 cauri
423 2394 452 2423 τυ
439 2371 623 2437 'afniman‘
609 2371 727 2423 evitarat
742 2369 810 2422 ia'’
777 2393 842 2439 optata
858 2380 902 2433 τῆς
918 2371 1026 2440 Ἀργείας
1046 2378 1104 2434 γῖς.

213 2475 276 2526 ‘Mi
288 2477 358 2542 Χόρος
367 2476 483 2533 varietata
494 2476 519 2540 ἔξ
531 2476 656 2545 ἷκιχωμόν
670 2482 792 2543 yutauta‘n.
